@online{wearedevelopers-wasm,
    title = {The Next Frontier of Cloud Computing},
    author = {Edoardo Dusi},
    url = {https://www.wearedevelopers.com/en/videos/886/webassembly-the-next-frontier-of-cloud-computing},
    note = {Last visited on 30.09.2024. Speech}
}

@online{cloud-native-aws,
    title = {What is Cloud Native?},
    author = {Amazon Web Services, Inc},
    url = {https://aws.amazon.com/what-is/cloud-native},
    note = {Last visited on 13.10.2024. Blog}
}

@online{cncf-toc,
    title = {toc},
    author = {The Linux Foundation},
    url = {https://github.com/cncf/toc/blob/main/DEFINITION.md},
    note = {Last visited on 13.10.2024. Definition}
}

